<record><leader>00000cas a2200000 a 4500</leader><controlfield tag="001">32711475</controlfield><controlfield tag="008">950626d19511966nyuwr ne      0    0eng c</controlfield><datafield ind1=" " ind2=" " tag="010"><subfield code="a">sn 95071154 </subfield></datafield><datafield ind1=" " ind2=" " tag="040"><subfield code="a">NYS</subfield><subfield code="b">eng</subfield><subfield code="c">NYS</subfield><subfield code="d">OCLCQ</subfield><subfield code="d">NYS</subfield><subfield code="d">OCLCQ</subfield><subfield code="d">OCLCO</subfield><subfield code="d">OCLCQ</subfield><subfield code="d">OCLCO</subfield><subfield code="d">OCLCF</subfield><subfield code="d">OCL</subfield></datafield><datafield ind1=" " ind2=" " tag="042"><subfield code="a">pcc</subfield></datafield><datafield ind1=" " ind2=" " tag="043"><subfield code="a">n-us-ny</subfield></datafield><datafield ind1="0" ind2="0" tag="245"><subfield code="a">Port Washington news and times-post.</subfield></datafield><datafield ind1=" " ind2=" " tag="260"><subfield code="a">Port Washington, N.Y. :</subfield><subfield code="b">Griscom Publications</subfield></datafield><datafield ind1=" " ind2=" " tag="300"><subfield code="a">v.</subfield></datafield><datafield ind1=" " ind2=" " tag="310"><subfield code="a">Weekly</subfield></datafield><datafield ind1="0" ind2=" " tag="362"><subfield code="a">49th year, no. 9 (Mar. 23, 1951)-v. 63, no. 22 (June 2, 1966).</subfield></datafield><datafield ind1=" " ind2=" " tag="500"><subfield code="a">"Official paper of Manorhaven, Sands Point, Port Washington North."</subfield></datafield><datafield ind1=" " ind2=" " tag="500"><subfield code="a">"Official newspaper for the Incorporated Villages of Sands Point, Baxter Estates, Port Washington North," &lt;1964&gt;.</subfield></datafield><datafield ind1=" " ind2=" " tag="500"><subfield code="a">"Official newspaper for the Incorporated Villages of Sands Point, Baxter Estates, Port Washington North, Flower Hill," &lt;1966&gt;.</subfield></datafield><datafield ind1=" " ind2="0" tag="651"><subfield code="a">Port Washington (N.Y.)</subfield><subfield code="v">Newspapers.</subfield></datafield><datafield ind1=" " ind2="0" tag="651"><subfield code="a">Sands Point (N.Y.)</subfield><subfield code="v">Newspapers.</subfield></datafield><datafield ind1=" " ind2="0" tag="651"><subfield code="a">Port Washington North (N.Y.)</subfield><subfield code="v">Newspapers.</subfield></datafield><datafield ind1=" " ind2="0" tag="651"><subfield code="a">Manorhaven (N.Y.)</subfield><subfield code="x">Newspapers</subfield><subfield code="y">&lt;1951&gt;.</subfield></datafield><datafield ind1=" " ind2="0" tag="651"><subfield code="a">Baxter Estates (N.Y.)</subfield><subfield code="x">Newspapers</subfield><subfield code="y">&lt;1964-1966&gt;.</subfield></datafield><datafield ind1=" " ind2="0" tag="651"><subfield code="a">Flower Hill (N.Y.)</subfield><subfield code="x">Newspapers</subfield><subfield code="y">&lt;1966&gt;.</subfield></datafield><datafield ind1=" " ind2="0" tag="651"><subfield code="a">Nassau County (N.Y.)</subfield><subfield code="v">Newspapers.</subfield></datafield><datafield ind1=" " ind2="7" tag="650"><subfield code="a">Newspapers.</subfield><subfield code="2">fast</subfield><subfield code="0">(OCoLC)fst01037111</subfield></datafield><datafield ind1=" " ind2="7" tag="651"><subfield code="a">New York (State)</subfield><subfield code="z">Baxter Estates.</subfield><subfield code="2">fast</subfield><subfield code="0">(OCoLC)fst01229052</subfield></datafield><datafield ind1=" " ind2="7" tag="651"><subfield code="a">New York (State)</subfield><subfield code="z">Flower Hill.</subfield><subfield code="2">fast</subfield><subfield code="0">(OCoLC)fst01221727</subfield></datafield><datafield ind1=" " ind2="7" tag="651"><subfield code="a">New York (State)</subfield><subfield code="z">Manorhaven.</subfield><subfield code="2">fast</subfield><subfield code="0">(OCoLC)fst01229053</subfield></datafield><datafield ind1=" " ind2="7" tag="651"><subfield code="a">New York (State)</subfield><subfield code="z">Nassau County.</subfield><subfield code="2">fast</subfield><subfield code="0">(OCoLC)fst01205518</subfield></datafield><datafield ind1=" " ind2="7" tag="651"><subfield code="a">New York (State)</subfield><subfield code="z">Port Washington.</subfield><subfield code="2">fast</subfield><subfield code="0">(OCoLC)fst01207264</subfield></datafield><datafield ind1=" " ind2="7" tag="651"><subfield code="a">New York (State)</subfield><subfield code="z">Port Washington North.</subfield><subfield code="2">fast</subfield><subfield code="0">(OCoLC)fst01257041</subfield></datafield><datafield ind1=" " ind2="7" tag="651"><subfield code="a">New York (State)</subfield><subfield code="z">Sands Point.</subfield><subfield code="2">fast</subfield><subfield code="0">(OCoLC)fst01206386</subfield></datafield><datafield ind1=" " ind2="7" tag="648"><subfield code="a">1951-1966</subfield><subfield code="2">fast</subfield></datafield><datafield ind1=" " ind2="7" tag="655"><subfield code="a">Newspapers.</subfield><subfield code="2">fast</subfield><subfield code="0">(OCoLC)fst01423814</subfield></datafield><datafield ind1=" " ind2=" " tag="752"><subfield code="a">United States</subfield><subfield code="b">New York</subfield><subfield code="c">Nassau</subfield><subfield code="d">Port Washington.</subfield></datafield><datafield ind1="0" ind2="0" tag="780"><subfield code="t">Port Washington news (Port Washington, N.Y. : 1940)</subfield><subfield code="w">(DLC)sn 95071153</subfield><subfield code="w">(OCoLC)32574711</subfield></datafield><datafield ind1="0" ind2="0" tag="785"><subfield code="t">Port Washington news (Port Washington, N.Y. : 1966)</subfield><subfield code="w">(DLC)sn 95071185</subfield><subfield code="w">(OCoLC)32711701</subfield></datafield><datafield ind1="1" ind2=" " tag="029"><subfield code="a">AU@</subfield><subfield code="b">000011783112</subfield></datafield></record>